@article{viola2004robust,
	title={Robust real-time face detection},
	author={Viola, Paul and Jones, Michael J},
	journal={International journal of computer vision},
	volume={57},
	number={2},
	pages={137--154},
	year={2004},
	publisher={Springer}
}
@article{zhang2016joint,
	title={Joint face detection and alignment using multitask cascaded convolutional networks},
	author={Zhang, Kaipeng and Zhang, Zhanpeng and Li, Zhifeng and Qiao, Yu},
	journal={IEEE Signal Processing Letters},
	volume={23},
	number={10},
	pages={1499--1503},
	year={2016},
	publisher={IEEE}
}
@inproceedings{szegedy2016rethinking,
	title={Rethinking the inception architecture for computer vision},
	author={Szegedy, Christian and Vanhoucke, Vincent and Ioffe, Sergey and Shlens, Jon and Wojna, Zbigniew},
	booktitle={Proceedings of the IEEE conference on computer vision and pattern recognition},
	pages={2818--2826},
	year={2016}
}
@article{simonyan2014very,
	title={Very deep convolutional networks for large-scale image recognition},
	author={Simonyan, Karen and Zisserman, Andrew},
	journal={arXiv preprint arXiv:1409.1556},
	year={2014}
}
@inproceedings{he2016deep,
	title={Deep residual learning for image recognition},
	author={He, Kaiming and Zhang, Xiangyu and Ren, Shaoqing and Sun, Jian},
	booktitle={Proceedings of the IEEE conference on computer vision and pattern recognition},
	pages={770--778},
	year={2016}
}
@inproceedings{weng2016driver,
	title={Driver drowsiness detection via a hierarchical temporal deep belief network},
	author={Weng, Ching-Hua and Lai, Ying-Hsiu and Lai, Shang-Hong},
	booktitle={Asian Conference on Computer Vision},
	pages={117--133},
	year={2016},
	organization={Springer}
}


%%%%%%%%%%%%%%%%%%%%%%%%%%%%%%%%%%%%%%%%%%%%%%%%%%%%%%%%%%%%%%%%%%%%%
%% BIBILIOGRAFIA PAUL %%%%%%%%%%%%%%%%%%%%%%%%%%%%%%%%%%%%%%%%%%%%%%%
%%%%%%%%%%%%%%%%%%%%%%%%%%%%%%%%%%%%%%%%%%%%%%%%%%%%%%%%%%%%%%%%%%%%%
@inproceedings{pauly2015detection,
	title={Detection of drowsiness based on HOG features and SVM classifiers},
	author={Pauly, Leo and Sankar, Deepa},
	booktitle={2015 IEEE International Conference on Research in Computational Intelligence and Communication Networks (ICRCICN)},
	pages={181--186},
	year={2015},
	organization={IEEE}
}

@inproceedings{manu2016facial,
	title={Facial features monitoring for real time drowsiness detection},
	author={Manu, BN},
	booktitle={2016 12th International Conference on Innovations in Information Technology (IIT)},
	pages={1--4},
	year={2016},
	organization={IEEE}
}

@inproceedings{reddy2017real,
	title={Real-time driver drowsiness detection for embedded system using model compression of deep neural networks},
	author={Reddy, Bhargava and Kim, Ye-Hoon and Yun, Sojung and Seo, Chanwon and Jang, Junik},
	booktitle={Proceedings of the IEEE Conference on Computer Vision and Pattern Recognition Workshops},
	pages={121--128},
	year={2017}
}


@inproceedings{baek2018real,
	title={Real-time drowsiness detection algorithm for driver state monitoring systems},
	author={Baek, Jang Woon and Han, Byung-Gil and Kim, Kwang-Ju and Chung, Yun-Su and Lee, Soo-In},
	booktitle={2018 Tenth International Conference on Ubiquitous and Future Networks (ICUFN)},
	pages={73--75},
	year={2018},
	organization={IEEE}
}

@article{jabbar2018real,
	title={Real-time driver drowsiness detection for android application using deep neural networks techniques},
	author={Jabbar, Rateb and Al-Khalifa, Khalifa and Kharbeche, Mohamed and Alhajyaseen, Wael and Jafari, Mohsen and Jiang, Shan},
	journal={Procedia computer science},
	volume={130},
	pages={400--407},
	year={2018},
	publisher={Elsevier}
}

@article{vijayan2019real,
	title={Real time detection system of driver drowsiness based on representation learning using deep neural networks},
	author={Vijayan, Vineetha and Sherly, Elizabeth},
	journal={Journal of Intelligent \& Fuzzy Systems},
	volume={36},
	number={3},
	pages={1977--1985},
	year={2019},
	publisher={IOS Press}
}
@inproceedings{yan2016real,
	title={Real-time driver drowsiness detection system based on PERCLOS and grayscale image processing},
	author={Yan, Jun-Juh and Kuo, Hang-Hong and Lin, Ying-Fan and Liao, Teh-Lu},
	booktitle={2016 International Symposium on Computer, Consumer and Control (IS3C)},
	pages={243--246},
	year={2016},
	organization={IEEE}
}

@inproceedings{rahman2015real,
	title={Real time drowsiness detection using eye blink monitoring},
	author={Rahman, Amna and Sirshar, Mehreen and Khan, Aliya},
	booktitle={2015 National Software Engineering Conference (NSEC)},
	pages={1--7},
	year={2015},
	organization={IEEE}
}

@inproceedings{galarza2018real,
	title={Real time driver drowsiness detection based on driver’s face image behavior using a system of human computer interaction implemented in a smartphone},
	author={Galarza, Eddie E and Egas, Fabricio D and Silva, Franklin M and Velasco, Paola M and Galarza, Eddie D},
	booktitle={International Conference on Information Theoretic Security},
	pages={563--572},
	year={2018},
	organization={Springer}
}

@inproceedings{massoz2016ulg,
	title={The ULg multimodality drowsiness database (called DROZY) and examples of use},
	author={Massoz, Quentin and Langohr, Thomas and Fran{\c{c}}ois, Cl{\'e}mentine and Verly, Jacques G},
	booktitle={2016 IEEE Winter Conference on Applications of Computer Vision (WACV)},
	pages={1--7},
	year={2016},
	organization={IEEE}
}

@ELECTRONIC{nthsa,
	author = {{National Tsing Hua University }},
	year = {2017},
	title = {\texttt{www.nhtsa.gov/risky-driving/drowsy-driving}}
}

@article{zhang2015driver,
	title={Driver eye state classification based on cooccurrence matrix of oriented gradients},
	author={Zhang, Bo and Wang, Wenjun and Cheng, Bo},
	journal={Advances in Mechanical Engineering},
	volume={7},
	number={2},
	pages={707106},
	year={2015},
	publisher={SAGE Publications Sage UK: London, England}
}

@article{choi2016tracking,
	title={Tracking a driver’s face against extreme head poses and inference of drowsiness using a hidden Markov model},
	author={Choi, In-Ho and Jeong, Chan-Hee and Kim, Yong-Guk},
	journal={Applied Sciences},
	volume={6},
	number={5},
	pages={137},
	year={2016},
	publisher={Multidisciplinary Digital Publishing Institute}
}

@inproceedings{chellappa2016driver,
	title={Driver fatigue detection system},
	author={Chellappa, Yogesh and Joshi, Narendra Nath and Bharadwaj, Vaishnavi},
	booktitle={2016 IEEE International Conference on Signal and Image Processing (ICSIP)},
	pages={655--660},
	year={2016},
	organization={IEEE}
}

@inproceedings{nguyen2015eye,
	title={Eye tracking system to detect driver drowsiness},
	author={Nguyen, TP and Chew, Moi-Tin and Demidenko, S},
	booktitle={2015 6th International Conference on Automation, Robotics and Applications (ICARA)},
	pages={472--477},
	year={2015},
	organization={IEEE}
}
@inproceedings{khunpisuth2016driver,
	title={Driver drowsiness detection using eye-closeness detection},
	author={Khunpisuth, Oraan and Chotchinasri, Taweechai and Koschakosai, Varakorn and Hnoohom, Narit},
	booktitle={2016 12th International Conference on Signal-Image Technology \& Internet-Based Systems (SITIS)},
	pages={661--668},
	year={2016},
	organization={IEEE}
}
@inproceedings{george2016real,
	title={Real-time eye gaze direction classification using convolutional neural network},
	author={George, Anjith and Routray, Aurobinda},
	booktitle={2016 International Conference on Signal Processing and Communications (SPCOM)},
	pages={1--5},
	year={2016},
	organization={IEEE}
}

@inproceedings{zhang2017driver,
	title={Driver fatigue detection based on eye state recognition},
	author={Zhang, Fang and Su, Jingjing and Geng, Lei and Xiao, Zhitao},
	booktitle={2017 International Conference on Machine Vision and Information Technology (CMVIT)},
	pages={105--110},
	year={2017},
	organization={IEEE}
}


@ELECTRONIC{zjudata,  
	author = {Andrej Fogelton},
	year = {2007},
	title = {ZJU Eyeblink Database},
	howpublished = {\url{www.blinkingmatters.com/research}},
	note = {Accessed: 2020-03-31}
}

%%%%%%%%%%%%%%%%%%%%%%%%%%%%%%%%%%%%%%%%%%%%%%%%%%%%%%%%%%%%%%%%%%%%%
%%%%%%%%%%%%%%%%%%%%%%%%%%%%%%%%%%%%%%%%%%%%%%%%%%%%%%%%%%%%%%%%%%%%%
%%%%%%%%%%%%%%%%%%%%%%%%%%%%%%%%%%%%%%%%%%%%%%%%%%%%%%%%%%%%%%%%%%%%%

@report{who,
	author = {WHO},
	title = {World Health Organization - Infographics on global road safety 2013},
	institution = {World Health Organization},
	howpublished = "\url{https://www.who.int/violence_injury_prevention/road_safety_status/2013/facts/en/}",
	year = {2013}
}

@report{Drowsy,
	author = {NHTSA},
	title = {Traffic Safety Facts - Drowsy Driving 2015 - National Highway Traffic Safety Administration},
	institution = {National Highway Traffic Safety Administration},
	year = {2015}
}

@report{asirt,
	author = {ASIRT},
	title = {Annual Global Road Crash Statistics},
	institution = {Association for Safe International Road Travel},
	howpublished = "\url{https://www.asirt.org/safe-travel/road-safety-facts/}",
	year = {2020}
}

@article{maclean2003hazards,
	title={The hazards and prevention of driving while sleepy},
	author={MacLean, Alistair W and Davies, David RT and Thiele, Kris},
	journal={Sleep medicine reviews},
	volume={7},
	number={6},
	pages={507--521},
	year={2003},
	publisher={Elsevier}
}

%%%%%%%%%%%%%%%%%%%%%%%%%%%%%%%%%%%%%%%%%%%%%%%%%%%%%%%%%%%%%%%%%%%%%
%% STEERING WHEEL VICENTE        %%%%%%%%%%%%%%%%%%%%%%%%%%%%%%%%%%%%
%%%%%%%%%%%%%%%%%%%%%%%%%%%%%%%%%%%%%%%%%%%%%%%%%%%%%%%%%%%%%%%%%%%%%
@article{li2017online,
	title={Online detection of driver fatigue using steering wheel angles for real driving conditions},
	author={Li, Zuojin and Li, Shengbo Eben and Li, Renjie and Cheng, Bo and Shi, Jinliang},
	journal={Sensors},
	volume={17},
	number={3},
	pages={495},
	year={2017},
	publisher={Multidisciplinary Digital Publishing Institute}
}


@article{chai2019drowsiness,
	title={Drowsiness monitoring based on steering wheel status},
	author={Chai, Meng and others},
	journal={Transportation research part D: transport and environment},
	volume={66},
	pages={95--103},
	year={2019},
	publisher={Elsevier}
}

@article{arefnezhad2019driver,
	title={Driver drowsiness detection based on steering wheel data applying adaptive neuro-fuzzy feature selection},
	author={Arefnezhad, Sadegh and Samiee, Sajjad and Eichberger, Arno and Nahvi, Ali},
	journal={Sensors},
	volume={19},
	number={4},
	pages={943},
	year={2019},
	publisher={Multidisciplinary Digital Publishing Institute}
}

@article{platt1963new,
	title={A new method of measuring the effects of continued driving performance},
	author={Platt, Fletcher N},
	journal={Highway Research Record},
	number={25},
	year={1963}
}

@article{macdonald1980review,
	title={Review of relationships between steering wheel reversal rate and driving task demand},
	author={Macdonald, Wendy A and Hoffmann, Errol R},
	journal={Human Factors},
	volume={22},
	number={6},
	pages={733--739},
	year={1980},
	publisher={SAGE Publications Sage CA: Los Angeles, CA}
}

@article{thiffault2003monotony,
	title={Monotony of road environment and driver fatigue: a simulator study},
	author={Thiffault, Pierre and Bergeron, Jacques},
	journal={Accident Analysis \& Prevention},
	volume={35},
	number={3},
	pages={381--391},
	year={2003},
	publisher={Elsevier}
}

@article{borghini2014measuring,
	title={Measuring neurophysiological signals in aircraft pilots and car drivers for the assessment of mental workload, fatigue and drowsiness},
	author={Borghini, Gianluca and Astolfi, Laura and Vecchiato, Giovanni and Mattia, Donatella and Babiloni, Fabio},
	journal={Neuroscience \& Biobehavioral Reviews},
	volume={44},
	pages={58--75},
	year={2014},
	publisher={Elsevier}
}

@article{fukuda1995estimation,
	title={An estimation of driver's drowsiness level using interval of steering adjustment for lane keeping},
	author={Fukuda, Junichi and Akutsu, Eisaku and Aoki, Keiji},
	journal={JSAE review},
	volume={16},
	number={2},
	pages={197--199},
	year={1995},
	publisher={Elsevier}
}

@article{jung2014driver,
	title={Driver fatigue and drowsiness monitoring system with embedded electrocardiogram sensor on steering wheel},
	author={Jung, Sang-Joong and Shin, Heung-Sub and Chung, Wan-Young},
	journal={IET Intelligent Transport Systems},
	volume={8},
	number={1},
	pages={43--50},
	year={2014},
	publisher={IET}
}

@inproceedings{mcdonald2012real,
	title={Real-time detection of drowsiness related lane departures using steering wheel angle},
	author={McDonald, Anthony D and Schwarz, Chris and Lee, John D and Brown, Timothy L},
	booktitle={Proceedings of the Human Factors and Ergonomics Society Annual Meeting},
	volume={56},
	number={1},
	pages={2201--2205},
	year={2012},
	organization={SAGE Publications Sage CA: Los Angeles, CA}
}

@inproceedings{lavergne1996results,
	title={Results of the feasibility study of a system for warning of drowsiness at the steering wheel based on analysis of driver eyelid movements},
	author={Lavergne, C and Artaud, P and Planque, S and Domont, A and Tarriere, C and Arsonneau, F and Yu, X and Nauwinck, A and Laurgeau, C and Alloua, JM and others},
	booktitle={Proceedings: International Technical Conference on the Enhanced Safety of Vehicles},
	volume={1996},
	pages={282--291},
	year={1996},
	organization={National Highway Traffic Safety Administration}
}

@inproceedings{zhenhai2017driver,
	title={Driver drowsiness detection based on time series analysis of steering wheel angular velocity},
	author={Zhenhai, Gao and DinhDat, Le and Hongyu, Hu and Ziwen, Yu and Xinyu, Wu},
	booktitle={2017 9th International Conference on Measuring Technology and Mechatronics Automation (ICMTMA)},
	pages={99--101},
	year={2017},
	organization={IEEE}
}

@inproceedings{haupt2011steering,
	title={Steering wheel motion analysis for detection of the driver’s drowsiness},
	author={Haupt, Daniel and Honzik, Petr and Raso, Peter and Hyncica, Ondrej},
	booktitle={2nd International Conference on Mathematical Models for Engineering Science},
	pages={253--261},
	year={2011}
}

@techreport{sherman1996potential,
	title={The potential of steering wheel information to detect driver drowsiness and associated lane departure},
	author={Sherman, Peter J and Elling, Michael and Brekke, Monty},
	year={1996}
}


@inproceedings{maita2017integrated,
	title={Integrated steering wheel system based on nanostructured elastomeric sensors for real time detection of driver drowsiness status},
	author={Maita, F and Bruno, SA and Castiello, A and Ruggeri, M and Pecora, A and Maiolo, L},
	booktitle={2017 IEEE SENSORS},
	pages={1--3},
	year={2017},
	organization={IEEE}
}

@inproceedings{muzet2004preventing,
	title={Preventing driver drowsiness at the wheel: can steering grip sensor measurement contribute to its prediction?},
	author={Muzet, A and Pebayle, T and Otmani, S and Peters, B and Nikolau, S and Bekiaris, E},
	booktitle={European Congress on Intelligent Transportation Systems and Services, 4th, 2004, Budapest, Hungary},
	year={2004}
}

@article{gu2010correlation,
	title={Correlation analysis between the EEG parameters and the parameters derived from ECG and Steering wheel related signals for driver drowsiness detection},
	author={Gu, Ye},
	year={2010}
}

@article{fernandes2019driver,
	title={Driver Drowsiness Detection Using Non-Intrusive Eletrocardiogram and Steering Wheel Angle Signals},
	author={Fernandes, Margarida Jo{\~a}o Castro Neves},
	year={2019}
}




@article{krajewski2009steering,
	title={Steering wheel behavior based estimation of fatigue},
	author={Krajewski, Jarek and Sommer, David and Trutschel, Udo and Edwards, Dave and Golz, Martin},
	year={2009},
	publisher={University of Iowa}
}


@inproceedings{baronti2009distributed,
	title={Distributed sensor for steering wheel rip force measurement in driver fatigue detection},
	author={Baronti, Federico and Lenzi, Francesco and Roncella, Roberto and Saletti, Roberto},
	booktitle={2009 Design, Automation \& Test in Europe Conference \& Exhibition},
	pages={894--897},
	year={2009},
	organization={IEEE}
}
@inproceedings{king1998algorithm,
	title={An algorithm for detecting heavy-truck driver fatigue from steering wheel motion},
	author={King, David J and Mumford, David K and Siegmund, Gunter P},
	booktitle={The 16th ESV Conference Proceedings},
	year={1998}
}
@inproceedings{he2011estimation,
	title={Estimation of driver’s fatigue based on steering wheel angle},
	author={He, Qichang and Li, Wei and Fan, Xiumin},
	booktitle={International Conference on Engineering Psychology and Cognitive Ergonomics},
	pages={145--155},
	year={2011},
	organization={Springer}
}
@article{mao2008fatigue,
	title={Fatigue behavior of magnesium alloy and application in auto steering wheel frame},
	author={Mao, Ping-Li and Zheng, LIU and Wang, Chang-Yi and Guo, Quan-Ying and Jin, SUN and Feng, WANG and Li, LIN},
	journal={Transactions of Nonferrous Metals Society of China},
	volume={18},
	pages={s218--s222},
	year={2008},
	publisher={Elsevier}
}
@misc{wilson2010steering,
	title={Steering wheel cover with incorporated fatigue relieving wrist and lower arm rests},
	author={Wilson, Douglas B},
	year={2010},
	month=feb # "~16",
	publisher={Google Patents},
	note={US Patent App. 29/336,683}
}
@article{balasubramanian2018grip,
	title={Grip and electrophysiological sensor-based estimation of muscle fatigue while holding steering wheel in different positions},
	author={Balasubramanian, Venkatesh and Bhardwaj, Rahul},
	journal={IEEE Sensors Journal},
	volume={19},
	number={5},
	pages={1951--1960},
	year={2018},
	publisher={IEEE}
}
@article{sener2016steering,
	title={Steering wheel tie rod fatigue life determination according to Turkish Mission profiles},
	author={Sener, Arif Senol},
	journal={International Journal of Engineering Technologies},
	volume={2},
	number={2},
	pages={56--63},
	year={2016}
}

@article{thomas2012wireless,
	title={Wireless sensor embedded steering wheel for real time monitoring of driver fatigue detection},
	author={Thomas, Betsy and Gupta, Ashutosh},
	journal={Advances in CSEE},
	year={2012}
}

@inproceedings{li2013detection,
	title={Detection of driving fatigue based on grip force on steering wheel with wavelet transformation and support vector machine},
	author={Li, Fan and Wang, Xiao-Wei and Lu, Bao-Liang},
	booktitle={International Conference on Neural Information Processing},
	pages={141--148},
	year={2013},
	organization={Springer}
}

@article{li2017driver,
	title={Driver fatigue detection using approximate entropic of steering wheel angle from real driving data},
	author={Li, Zuojin and Li, Shengbo E and Li, Renjie and Cheng, Bo and Shi, Jinliang},
	journal={International Journal of Robotics and Automation},
	volume={32},
	number={3},
	year={2017}
}

@article{lee2016detecting,
	title={Detecting driver fatigue by steering wheel grip force},
	author={LEE, KYEHOON and HYUN, SUNG-AE and OAH, SHEZEEN},
	journal={International Journal of Contents},
	volume={12},
	number={1},
	pages={44--48},
	year={2016}
}
@article{jun2016research,
	title={Research on fatigue driving detection method based on steering wheel angle},
	author={Jun, Liu and Liming, Wang and Fei, Nie and Jun, Yuan and Wei, Cheng},
	journal={Automobile Technology},
	number={4},
	pages={10},
	year={2016}
}
@inproceedings{pavelka2005indication,
	title={Indication of driver fatigue with help of steering wheel movement},
	author={Pavelka, Miroslav and Vysok{\`y}, Petr},
	booktitle={Proceedings of the 7th WSEAS international conference on Automatic control, modeling and simulation},
	pages={548--551},
	year={2005},
	organization={World Scientific and Engineering Academy and Society (WSEAS)}
}
@inproceedings{liying2012design,
	title={The design of the steering wheel with anti-fatigue driving for vehicles based on pattern recognition},
	author={Liying, Wang},
	booktitle={2012 Fifth International Conference on Intelligent Computation Technology and Automation},
	pages={340--343},
	year={2012},
	organization={IEEE}
}
@inproceedings{li2015study,
	title={Study of Steering Wheel Movement under Fatigue Driving and Drunk Driving Based on Sample Entropy},
	author={Li, Zhen Long and Jin, Xue and Wang, Bao Ju and Zhao, Xiao Hua},
	booktitle={Applied Mechanics and Materials},
	volume={744},
	pages={2001--2005},
	year={2015},
	organization={Trans Tech Publ}
}
@article{samiee2014data,
	title={Data fusion to develop a driver drowsiness detection system with robustness to signal loss},
	author={Samiee, Sajjad and Azadi, Shahram and Kazemi, Reza and Nahvi, Ali and Eichberger, Arno},
	journal={Sensors},
	volume={14},
	number={9},
	pages={17832--17847},
	year={2014},
	publisher={Multidisciplinary Digital Publishing Institute}
}



%%%%%%%%%%%%%%%%%%%%%%%%%%%%%%%%%%%%%%%%%%%%%%%%%%%%%%%%%%%%%%%%%%%%
@inproceedings{alzu2013eeg,
	title={EEG-based driver fatigue detection},
	author={AlZu'bi, Hamzah S and Al-Nuaimy, Waleed and Al-Zubi, Nayel S},
	booktitle={2013 Sixth International Conference on Developments in eSystems Engineering},
	pages={111--114},
	year={2013},
	organization={IEEE}
}
@article{lin2005eeg,
	title={EEG-based drowsiness estimation for safety driving using independent component analysis},
	author={Lin, Chin-Teng and Wu, Ruei-Cheng and Liang, Sheng-Fu and Chao, Wen-Hung and Chen, Yu-Jie and Jung, Tzyy-Ping},
	journal={IEEE Transactions on Circuits and Systems I: Regular Papers},
	volume={52},
	number={12},
	pages={2726--2738},
	year={2005},
	publisher={IEEE}
}
@article{yeo2009can,
	title={Can SVM be used for automatic EEG detection of drowsiness during car driving?},
	author={Yeo, Mervyn VM and Li, Xiaoping and Shen, Kaiquan and Wilder-Smith, Einar PV},
	journal={Safety Science},
	volume={47},
	number={1},
	pages={115--124},
	year={2009},
	publisher={Elsevier}
}
@article{vuckovic2002automatic,
	title={Automatic recognition of alertness and drowsiness from EEG by an artificial neural network},
	author={Vuckovic, Aleksandra and Radivojevic, Vlada and Chen, Andrew CN and Popovic, Dejan},
	journal={Medical engineering \& physics},
	volume={24},
	number={5},
	pages={349--360},
	year={2002},
	publisher={Elsevier}
}

@article{correa2014automatic,
	title={Automatic detection of drowsiness in EEG records based on multimodal analysis},
	author={Correa, Agustina Garc{\'e}s and Orosco, Lorena and Laciar, Eric},
	journal={Medical engineering \& physics},
	volume={36},
	number={2},
	pages={244--249},
	year={2014},
	publisher={Elsevier}
}
@inproceedings{chiou2006using,
	title={Using novel MEMS EEG sensors in detecting drowsiness application},
	author={Chiou, Jin-Chern and Ko, Li-Wei and Lin, Chin-Teng and Hong, Chao-Ting and Jung, Tzyy-Ping and Liang, Sheng-Fu and Jeng, Jong-Liang},
	booktitle={2006 IEEE Biomedical Circuits and Systems Conference},
	pages={33--36},
	year={2006},
	organization={IEEE}
}
@article{lin2012generalized,
	title={Generalized EEG-based drowsiness prediction system by using a self-organizing neural fuzzy system},
	author={Lin, Fu-Chang and Ko, Li-Wei and Chuang, Chun-Hsiang and Su, Tung-Ping and Lin, Chin-Teng},
	journal={IEEE Transactions on Circuits and Systems I: Regular Papers},
	volume={59},
	number={9},
	pages={2044--2055},
	year={2012},
	publisher={IEEE}
}
@article{li2013detection2,
	title={Detection of driver drowsiness using wavelet analysis of heart rate variability and a support vector machine classifier},
	author={Li, Gang and Chung, Wan-Young},
	journal={Sensors},
	volume={13},
	number={12},
	pages={16494--16511},
	year={2013},
	publisher={Multidisciplinary Digital Publishing Institute}
}
@article{rahim2015detecting,
	title={Detecting drowsy driver using pulse sensor},
	author={Rahim, Herlina Abdul and Dalimi, Ahmad and Jaafar, Haliza},
	journal={Jurnal Teknologi},
	volume={73},
	number={3},
	year={2015}
}
@inproceedings{leng2015wearable,
	title={Wearable driver drowsiness detection system based on biomedical and motion sensors},
	author={Leng, Lee Boon and Giin, Lee Boon and Chung, Wan-Young},
	booktitle={2015 IEEE SENSORS},
	pages={1--4},
	year={2015},
	organization={IEEE}
}
@inproceedings{warwick2015detecting,
	title={Detecting driver drowsiness using wireless wearables},
	author={Warwick, Brandy and Symons, Nicholas and Chen, Xiao and Xiong, Kaiqi},
	booktitle={2015 IEEE 12th International Conference on Mobile Ad Hoc and Sensor Systems},
	pages={585--588},
	year={2015},
	organization={IEEE}
}

@article{awais2017hybrid,
	title={A hybrid approach to detect driver drowsiness utilizing physiological signals to improve system performance and wearability},
	author={Awais, Muhammad and Badruddin, Nasreen and Drieberg, Micheal},
	journal={Sensors},
	volume={17},
	number={9},
	pages={1991},
	year={2017},
	publisher={Multidisciplinary Digital Publishing Institute}
}



%%%%%%%%%%%%%%%%%%%%%%%%%%%%%%%%%%%%%%%%%%%%%%%%%%%%%%%%%%%%%%%%%%%%%
%%%%%%%%%%%%%%%%%%%%%%%%%%%%%%%%%%%%%%%%%%%%%%%%%%%%%%%%%%%%%%%%%%%%%
%%%%%%%%%%%%%%%%%%%%%%%%%%%%%%%%%%%%%%%%%%%%%%%%%%%%%%%%%%%%%%%%%%%%%

%%%%%%%%%%%%%%%%%%%%%%%%% video - Karla %%%%%%%%%%%%%%%%%%%%%%%%%%%%
@ARTICLE{Abbas2020,
	author={Abbas, Q.},
	title={HybridFatigue: A real-time driver drowsiness detection using hybrid features and transfer learning HybridFatigue: Driver fatigue detection by Abbas Q},
	journal={International Journal of Advanced Computer Science and Applications},
	year={2020},
	volume={11},
	number={1},
	doi={10.14569/IJACSA.2020.0110173},
	art_number={0173},
	note={cited By 0},
	url={https://www.scopus.com/inward/record.uri?eid=2-s2.0-85083986796&doi=10.14569%2fIJACSA.2020.0110173&partnerID=40&md5=675ba5022b6a93f5cab3517a4342e36c},
	document_type={Article},
	source={Scopus},
}

@inproceedings{khare2019real,
	title={Real-Time Driver Drowsiness Detection Using Deep Learning and Heterogeneous Computing on Embedded System},
	author={Khare, Shivam and Palakkal, Sandeep and Krishnan, TV Hari and Seo, Chanwon and Kim, Yehoon and Yun, Sojung and Parameswaran, Sankaranarayanan},
	booktitle={International Conference on Computer Vision and Image Processing},
	pages={86--97},
	year={2019},
	organization={Springer}
}
@CONFERENCE{Ko2020,
	author={Ko, W. and Oh, K. and Jeon, E. and Suk, H.-I.},
	title={VIGNet: A Deep Convolutional Neural Network for EEG-based Driver Vigilance Estimation},
	journal={8th International Winter Conference on Brain-Computer Interface, BCI 2020},
	year={2020},
	doi={10.1109/BCI48061.2020.9061668},
	art_number={9061668},
	note={cited By 0},
	url={https://www.scopus.com/inward/record.uri?eid=2-s2.0-85084085676&doi=10.1109%2fBCI48061.2020.9061668&partnerID=40&md5=405890ab928ff9198105bb167df31971},
	document_type={Conference Paper},
	source={Scopus},
}
@CONFERENCE{Jabbar2020237,
	author={Jabbar, R. and Shinoy, M. and Kharbeche, M. and Al-Khalifa, K. and Krichen, M. and Barkaoui, K.},
	title={Driver Drowsiness Detection Model Using Convolutional Neural Networks Techniques for Android Application},
	journal={2020 IEEE International Conference on Informatics, IoT, and Enabling Technologies, ICIoT 2020},
	year={2020},
	pages={237-242},
	doi={10.1109/ICIoT48696.2020.9089484},
	art_number={9089484},
	note={cited By 0},
	url={https://www.scopus.com/inward/record.uri?eid=2-s2.0-85085482136&doi=10.1109%2fICIoT48696.2020.9089484&partnerID=40&md5=de13a8f8a7d99d29c4678ead461094bb},
	document_type={Conference Paper},
	source={Scopus},
}
@ARTICLE{Babitha20201767,
	author={Babitha, D. and Ismail, M. and Chowdhury, S. and Govindaraj, R. and Prakash, K.B.},
	title={Automated road safety surveillance system using hybrid cnn-lstm approach},
	journal={International Journal of Advanced Trends in Computer Science and Engineering},
	year={2020},
	volume={9},
	number={2},
	pages={1767-1773},
	doi={10.30534/ijatcse/2020/132922020},
	art_number={132},
	note={cited By 0},
	url={https://www.scopus.com/inward/record.uri?eid=2-s2.0-85085136726&doi=10.30534%2fijatcse%2f2020%2f132922020&partnerID=40&md5=fa930a6f085f24a39b211ddcd80eb54b},
	document_type={Article},
	source={Scopus},
}
@article{maior2020real,
	title={Real-time Classification for Autonomous Drowsiness Detection Using Eye Aspect Ratio},
	author={Maior, Caio Bezerra Souto and das Chagas Moura, M{\'a}rcio Jos{\'e} and Santana, Jo{\~a}o Mateus Marques and Lins, Isis Didier},
	journal={Expert Systems with Applications},
	pages={113505},
	year={2020},
	publisher={Elsevier}
}
@article{ouabida2020optical,
	title={Optical correlator based algorithm for driver drowsiness detection},
	author={Ouabida, Elhoussaine and Essadike, Abdelaziz and Bouzid, Abdenbi},
	journal={Optik},
	volume={204},
	pages={164102},
	year={2020},
	publisher={Elsevier}
}

@inproceedings{saurav2019yawn,
	title={Yawn Detection for Driver’s Drowsiness Prediction Using Bi-Directional LSTM with CNN Features},
	author={Saurav, Sumeet and Mathur, Shubhad and Sang, Ishan and Prasad, Shyam Sunder and Singh, Sanjay},
	booktitle={International Conference on Intelligent Human Computer Interaction},
	pages={189--200},
	year={2019},
	organization={Springer}
}


@inproceedings{mohanty2019design,
	title={Design of Real-time Drowsiness Detection System using Dlib},
	author={Mohanty, Shruti and Hegde, Shruti V and Prasad, Supriya and Manikandan, J},
	booktitle={2019 IEEE International WIE Conference on Electrical and Computer Engineering (WIECON-ECE)},
	pages={1--4},
	year={2019},
	organization={IEEE}
}
@article{bamidelenon,
	title={Non-intrusive Driver Drowsiness Detection based on Face and Eye Tracking},
	year={2019},
	author={Bamidele, Ameen Aliu and Kamardin, Kamilia and Aziz, Nur Syazarin Natasha Abd and Sam, Suriani Mohd and Ahmed, Irfanuddin Shafi and Azizan, Azizul and Bani, Nurul Aini and Kaidi, Hazilah Mad}
}
@inproceedings{othman2019efficient,
	title={An Efficient Embedded Security System for Reduce Car Accident to Build Safer World Based On IoT},
	author={Othman, Nashwan Adnan and Aydin, Ilhan and Karakose, Mehmet},
	booktitle={2019 International Artificial Intelligence and Data Processing Symposium (IDAP)},
	pages={1--5},
	year={2019},
	organization={IEEE}
}
@article{soares2019mobile,
	title={A Mobile Application for Driver's Drowsiness Monitoring based on PERCLOS Estimation},
	author={Soares, Gabriel and de Lima, Danilo and Neto, Arthur Miranda},
	journal={IEEE Latin America Transactions},
	volume={17},
	number={02},
	pages={193--202},
	year={2019},
	publisher={IEEE}
}
@article{gummallasimple,
	title={A SIMPLE SYSTEM FOR MONITOR OF DRIVER DROWSINESS BASED MACHINE LEARNING},
	year={2019},
	author={Gummalla, Mr Sridhar and Mani, Ganesh and Hussain, Mohammed Ahmed and Khan, Aasim Ahmed and Jawaad, Mohammad Asif}
}
@article{allach2019detection,
	title={Detection of driver's alertness level based on the Viola and Jones method and logistic regression analysis},
	author={Allach, Samir and Ahmed, Mohamed Ben and Boudhir, Anouar Abdelhakim},
	journal={International Journal of Intelligent Enterprise},
	volume={6},
	number={2-4},
	pages={356--368},
	year={2019},
	publisher={Inderscience Publishers (IEL)}
}
@article{mahdi2019automated,
	title={Automated Drowsiness Detection Through Facial Features Analysis},
	author={Mahdi, Walid and Akrout, Belhassen and Alroobaea, Roobaea and Alsufyani, Abdulmajeed},
	journal={Computaci{\'o}n y Sistemas},
	volume={23},
	number={2},
	pages={511--522},
	year={2019}
}
@inproceedings{sanyal2019two,
	title={Two Stream Deep Convolutional Neural Network for Eye State Recognition and Blink Detection},
	author={Sanyal, Ritabrata and Chakrabarty, Kunal},
	booktitle={2019 3rd International Conference on Electronics, Materials Engineering \& Nano-Technology (IEMENTech)},
	pages={1--8},
	year={2019},
	organization={IEEE}
}
@inproceedings{nandyal2019automated,
	title={An Automated System for Driver Drowsiness Monitoring Using Machine Learning},
	author={Nandyal, Suvarna and Sushma, PJ},
	booktitle={International Conference on Intelligent Data Communication Technologies and Internet of Things},
	pages={466--476},
	year={2019},
	organization={Springer}
}
@article{minhas2019smart,
	title={Smart methodology for safe life on roads with active drivers based on real-time risk and behavioral monitoring},
	author={Minhas, Abid Ali and Jabbar, Sohail and Farhan, Muhammad and ul Islam, Muhammad Najam},
	journal={Journal of Ambient Intelligence and Humanized Computing},
	pages={1--13},
	year={2019},
	publisher={Springer}
}
@article{bahramian2019assessment, 
	title={Assessment of Infrared Thermography of Thyroid Gland for Development of a New Non-invasive Sleep Detection System}, author={Bahramian, Farshad and Mojra, Afsaneh}, 
	journal={Journal of Sleep Sciences}, 
	volume={4}, 
	number={1-2}, 
	pages={9--16}, 
	year={2019} 
}
@article{ramzan2019survey,
	title={A survey on state-of-the-art drowsiness detection techniques},
	author={Ramzan, Muhammad and Khan, Hikmat Ullah and Awan, Shahid Mahmood and Ismail, Amina and Ilyas, Mahwish and Mahmood, Ahsan},
	journal={IEEE Access},
	volume={7},
	pages={61904--61919},
	year={2019},
	publisher={IEEE}
}

@inproceedings{ghoddoosian2019realistic,
	title={A Realistic Dataset and Baseline Temporal Model for Early Drowsiness Detection},
	author={Ghoddoosian, Reza and Galib, Marnim and Athitsos, Vassilis},
	booktitle={Proceedings of the IEEE Conference on Computer Vision and Pattern Recognition Workshops},
	pages={0--0},
	year={2019}
}

%%%%%%%%%%%%%%%%%%%%%%%%%%%%%%%%%
@article{guo2020recognizing,
	title={Recognizing Hazard Perception in a Visual Blind Area Based on EEG Features},
	author={Guo, Zizheng and Pan, Yufan and Zhao, Guozhen and Zhang, Jun and Dong, Ni},
	journal={IEEE Access},
	volume={8},
	pages={48917--48928},
	year={2020},
	publisher={IEEE}
}
%%%%%%%%%%%%%%%%%%%%%%%%%%%%%%%%%
@article{wang2017blink,
	title={Blink detection using Adaboost and contour circle for fatigue recognition},
	author={Wang, Mei and Guo, Lin and Chen, Wen-Yuan},
	journal={Computers \& Electrical Engineering},
	volume={58},
	pages={502--512},
	year={2017},
	publisher={Elsevier}
}


@article{kim2017study,
	title={A study of deep CNN-based classification of open and closed eyes using a visible light camera sensor},
	author={Kim, Ki Wan and Hong, Hyung Gil and Nam, Gi Pyo and Park, Kang Ryoung},
	journal={Sensors},
	volume={17},
	number={7},
	pages={1534},
	year={2017},
	publisher={Multidisciplinary Digital Publishing Institute}
}

@article{yan2016video,
	title={Video-based classification of driving behavior using a hierarchical classification system with multiple features},
	author={Yan, Chao and Coenen, Frans and Yue, Yong and Yang, Xiaosong and Zhang, Bailing},
	journal={International Journal of Pattern Recognition and Artificial Intelligence},
	volume={30},
	number={05},
	pages={1650010},
	year={2016},
	publisher={World Scientific}
}
@article{wang2016driver,
	title={Driver drowsiness detection based on non-intrusive metrics considering individual specifics},
	author={Wang, Xuesong and Xu, Chuan},
	journal={Accident Analysis \& Prevention},
	volume={95},
	pages={350--357},
	year={2016},
	publisher={Elsevier}
} 
@article{tansakul2016fatigue,
	title={Fatigue driver detection system using a combination of blinking rate and driving inactivity},
	author={Tansakul, Wasan and Tangamchit, Poj},
	journal={Journal of Automation and Control Engineering},
	volume={4},
	number={1},
	year={2016}
}

@article{li2015smartwatch,
	title={Smartwatch-based wearable EEG system for driver drowsiness detection},
	author={Li, Gang and Lee, Boon-Leng and Chung, Wan-Young},
	journal={IEEE Sensors Journal},
	volume={15},
	number={12},
	pages={7169--7180},
	year={2015},
	publisher={IEEE}
}
@inproceedings{teyeb2014novel,
	title={A novel approach for drowsy driver detection using head posture estimation and eyes recognition system based on wavelet network},
	author={Teyeb, Ines and Jemai, Olfa and Zaied, Mourad and Amar, Chokri Ben},
	booktitle={IISA 2014, The 5th International Conference on Information, Intelligence, Systems and Applications},
	pages={379--384},
	year={2014},
	organization={IEEE}
}

@inproceedings{akrout2013drowsiness,
	title={Drowsiness Detection based on Video Analysis Approach.},
	author={Akrout, Belhassen and Mahdi, Walid and Hamadou, Abdelmajid Ben},
	booktitle={VISAPP (1)},
	pages={413--416},
	year={2013}
}

@article{mbouna2013visual,
	title={Visual analysis of eye state and head pose for driver alertness monitoring},
	author={Mbouna, Ralph Oyini and Kong, Seong G and Chun, Myung-Geun},
	journal={IEEE transactions on intelligent transportation systems},
	volume={14},
	number={3},
	pages={1462--1469},
	year={2013},
	publisher={IEEE}
}
@article{zhang2012driver, 
	title={Driver drowsiness recognition based on computer vision technology}, 
	author={Zhang, Wei and Cheng, Bo and Lin, Yingzi}, 
	journal={Tsinghua Science and Technology}, 
	volume={17}, 
	number={3}, 
	pages={354--362}, 
	year={2012}, 
	publisher={TUP} 
}
@article {saradadevi2008driver,
	title = {Detección de fatiga del conductor mediante análisis de boca y bostezo},
	autor = {Saradadevi, Mandalapu y Bajaj, Preeti},
	journal = {Revista internacional de informática y seguridad de red},
	volumen = {8},
	número = {6},
	páginas = {183--188},
	año = {2008}
}
%%%%%%%%%%%%%%%%%%%%%%%%%%%%%%%%%%%%%%%%%%%%%%%%%%%%%%%%%%%%%%%%%%%%%
%%%%%%%%%%%%%%%%%%%%%%%%%%%%%%%%%%%%%%%%%%%%%%%%%%%%%%%%%%%%%%%%%%%%%

@article{zhao2020driver,
	title={Driver drowsiness recognition via transferred deep 3D convolutional network and state probability vector},
	author={Zhao, Lei and Wang, Zengcai and Zhang, Guoxin and Gao, Huanbing},
	journal={Multimedia Tools and Applications},
	pages={1--19},
	year={2020},
	publisher={Springer}
}


%%%%%%%%%%%%%%%%%%%%%%%%%%%%%%%%%%%%%%%%%%%%%%%%%%%%%%%%%%%%%%%%%%%%%
%%%%%%%%%%%%%%%%%%%%%%%  KARLA %%%%%%%%%%%%%%%%%%%%%%%%%%%%%%%%%%%%%%
%%%%%%%%%%%%%%%%%%%%%%%%%%%%%%%%%%%%%%%%%%%%%%%%%%%%%%%%%%%%%%%%%%%%%
@techreport{mininter2018denuncias,
	title={Denuncias de accidentes de tránsito no fatales por tipo, según departamento, 2018},
	author={INEI},
	institution={Ministerio del Interior MININTER - Dirección de Estadística y Monitoreo de la Oficina de Planeamiento Estratégico Sectorial},
	year={2018},
	organization={Perú}
}
@techreport{sutran2019mtc,
	title={Índice de participación en accidentes de tránsito (\textsc{IPA}) empresas de transporte terrestre de personas, 2018 },
	author={SUTRAN},
	institution={Dirección de Protección de Carreteras de la Policía Nacional del Perú - DIRPRCAR-PNP, Centro de Gestión y Monitoreo de la SUTRAN - CGM SUTRAN, Ministerio de Transportes y Comunicaciones – MTC},
	year={2018},
	organization={Perú}
}
@inproceedings{ghoddoosian2019realistic,
title={A Realistic Dataset and Baseline Temporal Model for Early Drowsiness Detection},
author={Ghoddoosian, Reza and Galib, Marnim and Athitsos, Vassilis},
booktitle={Proceedings of the IEEE Conference on Computer Vision and Pattern Recognition Workshops},
pages={0--0},
year={2019}
}
@inproceedings{weng2016driver,
  title={Driver drowsiness detection via a hierarchical temporal deep belief network},
  author={Weng, Ching-Hua and Lai, Ying-Hsiu and Lai, Shang-Hong},
  booktitle={Asian Conference on Computer Vision},
  pages={117--133},
  year={2016},
  organization={Springer}
}


